@article{gaudeul06,
  author   = "Gaudeul, Alexia",
  title    = "Do {O}pen {S}ource {D}evelopers {R}espond to {C}ompetition?: {T}he
  ({L}a){T}e{X} {C}ase {S}tudy.",
  year     = "2006",
  journal  = "Social Science Research Network"
}
